[gd_scene load_steps=11 format=3 uid="uid://c8ndqmh4pmt3p"]

[ext_resource type="Script" path="res://scenes/bird.gd" id="1_hkbei"]
[ext_resource type="Texture2D" uid="uid://blobq7w0rqjwn" path="res://assets/img/Bat 1.png" id="2_oqcwv"]
[ext_resource type="Texture2D" uid="uid://kektguoxbbku" path="res://assets/img/Bat2.png" id="3_lhkga"]
[ext_resource type="Texture2D" uid="uid://caurfuahh2p20" path="res://assets/img/Bat3&4.png" id="4_5x61h"]

[sub_resource type="AtlasTexture" id="AtlasTexture_fqp8v"]
atlas = ExtResource("2_oqcwv")
region = Rect2(0, 0, 120, 82)

[sub_resource type="AtlasTexture" id="AtlasTexture_3kxtr"]
atlas = ExtResource("3_lhkga")
region = Rect2(0, 0, 108, 107)

[sub_resource type="AtlasTexture" id="AtlasTexture_svghj"]
atlas = ExtResource("4_5x61h")
region = Rect2(0, 0, 117, 85)

[sub_resource type="AtlasTexture" id="AtlasTexture_5ikcr"]
atlas = ExtResource("4_5x61h")
region = Rect2(117, 0, 117, 85)

[sub_resource type="SpriteFrames" id="SpriteFrames_5lysr"]
animations = [{
"frames": [{
"duration": 1.0,
"texture": SubResource("AtlasTexture_fqp8v")
}, {
"duration": 1.0,
"texture": SubResource("AtlasTexture_3kxtr")
}, {
"duration": 1.0,
"texture": SubResource("AtlasTexture_svghj")
}, {
"duration": 1.0,
"texture": SubResource("AtlasTexture_5ikcr")
}],
"loop": true,
"name": &"flying",
"speed": 7.0
}]

[sub_resource type="RectangleShape2D" id="RectangleShape2D_pdj1r"]
size = Vector2(49, 65)

[node name="icebird" type="Area2D"]
script = ExtResource("1_hkbei")

[node name="AnimatedSprite2D" type="AnimatedSprite2D" parent="."]
texture_filter = 1
position = Vector2(-11, 7.00001)
sprite_frames = SubResource("SpriteFrames_5lysr")
animation = &"flying"
autoplay = "flying"
frame_progress = 0.533136

[node name="CollisionShape2D" type="CollisionShape2D" parent="."]
position = Vector2(-12.5, 10.5)
shape = SubResource("RectangleShape2D_pdj1r")
