[gd_scene load_steps=28 format=3 uid="uid://bdexwhrljsbvn"]

[ext_resource type="Script" path="res://SCENES/ParallaxBackground.gd" id="1_cvbqj"]
[ext_resource type="Texture2D" uid="uid://cy2gr11xqyn8e" path="res://assets/Ice Sprites/Snow bg 2.jpg" id="1_go3x0"]
[ext_resource type="Texture2D" uid="uid://b2k2bxifxuxxq" path="res://assets/Ice Sprites/Snow bg_layer2.jpg" id="2_oibcu"]
[ext_resource type="Texture2D" uid="uid://7qfn8qs0ox00" path="res://assets/dino sprite sheet.png" id="3_305us"]
[ext_resource type="Script" path="res://SCENES/Dino.gd" id="4_as2nl"]
[ext_resource type="Texture2D" uid="uid://eurpgobwmj" path="res://assets/Ice Sprites/layer 3 snow.jpg" id="6_1gydk"]
[ext_resource type="Script" path="res://SCENES/WolfSpawner.gd" id="7_e0gxu"]
[ext_resource type="PackedScene" uid="uid://cwop5ywlhm10o" path="res://wolf.tscn" id="8_ndy1e"]
[ext_resource type="Script" path="res://SCENES/Ice_Spirit_Spawner.gd" id="9_2mwte"]
[ext_resource type="PackedScene" uid="uid://2ju8sdpy7qc1" path="res://SCENES/ice_spirit.tscn" id="10_cbrv6"]
[ext_resource type="Script" path="res://SCENES/IceBat_Spawner.gd" id="11_i4e8n"]
[ext_resource type="PackedScene" uid="uid://ldhoprhlrh8l" path="res://ice_bat.tscn" id="12_aaoyf"]

[sub_resource type="AtlasTexture" id="AtlasTexture_qao4s"]
atlas = ExtResource("3_305us")
region = Rect2(1200, 0, 100, 100)

[sub_resource type="AtlasTexture" id="AtlasTexture_7so8h"]
atlas = ExtResource("3_305us")
region = Rect2(1300, 0, 100, 100)

[sub_resource type="AtlasTexture" id="AtlasTexture_nf6w7"]
atlas = ExtResource("3_305us")
region = Rect2(1400, 0, 100, 100)

[sub_resource type="AtlasTexture" id="AtlasTexture_6m4cf"]
atlas = ExtResource("3_305us")
region = Rect2(1500, 0, 100, 100)

[sub_resource type="AtlasTexture" id="AtlasTexture_hq8yx"]
atlas = ExtResource("3_305us")
region = Rect2(0, 0, 100, 100)

[sub_resource type="AtlasTexture" id="AtlasTexture_akdob"]
atlas = ExtResource("3_305us")
region = Rect2(400, 0, 100, 100)

[sub_resource type="AtlasTexture" id="AtlasTexture_wctf0"]
atlas = ExtResource("3_305us")
region = Rect2(500, 0, 100, 100)

[sub_resource type="AtlasTexture" id="AtlasTexture_awlrq"]
atlas = ExtResource("3_305us")
region = Rect2(600, 0, 100, 100)

[sub_resource type="AtlasTexture" id="AtlasTexture_uc01x"]
atlas = ExtResource("3_305us")
region = Rect2(700, 0, 100, 100)

[sub_resource type="AtlasTexture" id="AtlasTexture_1bsan"]
atlas = ExtResource("3_305us")
region = Rect2(0, 0, 100, 100)

[sub_resource type="AtlasTexture" id="AtlasTexture_ne16l"]
atlas = ExtResource("3_305us")
region = Rect2(800, 0, 100, 100)

[sub_resource type="SpriteFrames" id="SpriteFrames_r8c7v"]
animations = [{
"frames": [{
"duration": 1.0,
"texture": SubResource("AtlasTexture_qao4s")
}, {
"duration": 1.0,
"texture": SubResource("AtlasTexture_7so8h")
}, {
"duration": 1.0,
"texture": SubResource("AtlasTexture_nf6w7")
}, {
"duration": 1.0,
"texture": SubResource("AtlasTexture_6m4cf")
}],
"loop": true,
"name": &"duck",
"speed": 5.0
}, {
"frames": [{
"duration": 1.0,
"texture": SubResource("AtlasTexture_hq8yx")
}, {
"duration": 1.0,
"texture": SubResource("AtlasTexture_akdob")
}, {
"duration": 1.0,
"texture": SubResource("AtlasTexture_wctf0")
}, {
"duration": 1.0,
"texture": SubResource("AtlasTexture_awlrq")
}, {
"duration": 1.0,
"texture": SubResource("AtlasTexture_uc01x")
}],
"loop": true,
"name": &"idle",
"speed": 10.0
}, {
"frames": [{
"duration": 1.0,
"texture": SubResource("AtlasTexture_1bsan")
}, {
"duration": 1.0,
"texture": SubResource("AtlasTexture_ne16l")
}],
"loop": true,
"name": &"jump",
"speed": 1.0
}]

[sub_resource type="RectangleShape2D" id="RectangleShape2D_14vs7"]
size = Vector2(69, 106)

[sub_resource type="RectangleShape2D" id="RectangleShape2D_o0b6m"]
size = Vector2(72, 73)

[sub_resource type="WorldBoundaryShape2D" id="WorldBoundaryShape2D_1f1qd"]
distance = -495.0

[node name="ICE LEVEL" type="Node2D"]

[node name="ParallaxBackground" type="ParallaxBackground" parent="."]
script = ExtResource("1_cvbqj")

[node name="ParallaxLayer" type="ParallaxLayer" parent="ParallaxBackground"]
motion_mirroring = Vector2(1152, 0)

[node name="Sprite2D" type="Sprite2D" parent="ParallaxBackground/ParallaxLayer"]
position = Vector2(580, 331)
texture = ExtResource("1_go3x0")

[node name="ParallaxLayer2" type="ParallaxLayer" parent="ParallaxBackground"]
motion_scale = Vector2(2, 2)

[node name="Sprite2D" type="Sprite2D" parent="ParallaxBackground/ParallaxLayer2"]
position = Vector2(575, 511)
texture = ExtResource("2_oibcu")

[node name="CharacterBody2D" type="CharacterBody2D" parent="."]
collision_layer = 3
collision_mask = 3
script = ExtResource("4_as2nl")

[node name="AnimatedSprite2D" type="AnimatedSprite2D" parent="CharacterBody2D"]
position = Vector2(67, 517)
scale = Vector2(1.765, 1.81)
sprite_frames = SubResource("SpriteFrames_r8c7v")
animation = &"duck"
autoplay = "idle"
frame_progress = 0.953709

[node name="CollisionShape2D" type="CollisionShape2D" parent="CharacterBody2D"]
position = Vector2(61.5, 510)
shape = SubResource("RectangleShape2D_14vs7")

[node name="Ducking collision" type="CollisionShape2D" parent="CharacterBody2D"]
position = Vector2(66, 515)
shape = SubResource("RectangleShape2D_o0b6m")

[node name="StaticBody2D" type="StaticBody2D" parent="."]

[node name="Sprite2D" type="Sprite2D" parent="StaticBody2D"]
position = Vector2(146, 648.374)
scale = Vector2(0.163194, -0.00641683)
texture = ExtResource("6_1gydk")

[node name="CollisionShape2D" type="CollisionShape2D" parent="StaticBody2D"]
position = Vector2(-23, 79)
shape = SubResource("WorldBoundaryShape2D_1f1qd")

[node name="wolfspawner" type="Node2D" parent="."]
script = ExtResource("7_e0gxu")
wolf_scene = ExtResource("8_ndy1e")

[node name="Ice_Spirit_Spawner" type="Node2D" parent="."]
script = ExtResource("9_2mwte")
wolf_scene = ExtResource("10_cbrv6")

[node name="IceBat_Spawner" type="Node2D" parent="."]
script = ExtResource("11_i4e8n")
wolf_scene = ExtResource("12_aaoyf")
