[gd_scene load_steps=10 format=3 uid="uid://cwop5ywlhm10o"]

[ext_resource type="Texture2D" uid="uid://2pn03kcgxrec" path="res://assets/Ice Sprites/Snow_Wolves-removebg-preview.png" id="1_qf88o"]
[ext_resource type="Script" path="res://wolf.gd" id="1_x4ykf"]
[ext_resource type="PackedScene" uid="uid://ndd7xn3iuvjm" path="res://killzone.tscn" id="3_6xdun"]

[sub_resource type="AtlasTexture" id="AtlasTexture_umxiy"]
atlas = ExtResource("1_qf88o")
region = Rect2(0, 125, 166, 125)

[sub_resource type="AtlasTexture" id="AtlasTexture_wfdfs"]
atlas = ExtResource("1_qf88o")
region = Rect2(332, 375, 166, 125)

[sub_resource type="AtlasTexture" id="AtlasTexture_li7q7"]
atlas = ExtResource("1_qf88o")
region = Rect2(0, 250, 166, 125)

[sub_resource type="AtlasTexture" id="AtlasTexture_borvq"]
atlas = ExtResource("1_qf88o")
region = Rect2(332, 0, 166, 125)

[sub_resource type="SpriteFrames" id="SpriteFrames_k6382"]
animations = [{
"frames": [{
"duration": 1.0,
"texture": SubResource("AtlasTexture_umxiy")
}, {
"duration": 1.0,
"texture": SubResource("AtlasTexture_wfdfs")
}, {
"duration": 1.0,
"texture": SubResource("AtlasTexture_li7q7")
}, {
"duration": 1.0,
"texture": SubResource("AtlasTexture_borvq")
}],
"loop": true,
"name": &"default",
"speed": 6.0
}]

[sub_resource type="CircleShape2D" id="CircleShape2D_tu27m"]
radius = 48.7671

[node name="wolf" type="Node2D"]
script = ExtResource("1_x4ykf")

[node name="AnimatedSprite2D" type="AnimatedSprite2D" parent="."]
position = Vector2(62.5, -49.25)
scale = Vector2(0.728916, 0.732)
sprite_frames = SubResource("SpriteFrames_k6382")
autoplay = "default"
frame_progress = 0.904885

[node name="killzone" parent="AnimatedSprite2D" instance=ExtResource("3_6xdun")]

[node name="CollisionShape2D" type="CollisionShape2D" parent="AnimatedSprite2D/killzone"]
position = Vector2(12.5758, 9.72222)
shape = SubResource("CircleShape2D_tu27m")
